
@Misc{pgr-raytracing,
  key    = "web:pgr-raytracing",
  author = "{ÚSTAV POČÍTAČOVÉ GRAFIKY A MULTIMÉDIÍ, FIT VUT}",
  title =  "{Přednáška PGR (Realistické zobrazování I - Ray Tracing)}",
  note   = "\\ \href{https://www.fit.vutbr.cz/study/courses/PGR/private/lect/PGR-RayTracing-I.pdf}{https://www.fit.vutbr.cz/study/courses/PGR/private/lect/PGR-RayTracing-I.pdf}",
}

@Misc{aurelius,
  key    = "web:aurelius",
  author = "{ÚSTAV POČÍTAČOVÉ GRAFIKY A MULTIMÉDIÍ, FIT VUT}",
  title =  "{Ray-Tracer Aurelius}",
  note   = "\\ \href{https://www.fit.vutbr.cz/study/courses/PGR/private/Aurelius.zip}{https://www.fit.vutbr.cz/study/courses/PGR/private/Aurelius.zip}",
}

@Misc{pgp-optimalizace,
  key    = "web:pgp-optimalizace",
  author = "{ÚSTAV POČÍTAČOVÉ GRAFIKY A MULTIMÉDIÍ, FIT VUT}",
  title =  "{Přednáška PGP (Fotorealistcké zobrazování, optimalizace sledování paprsku)}",
}

@Misc{cuda-doc,
  key    = "web:cuda-doc",
  author = "{NVIDIA Corporation}",
  title =  "{CUDA Toolkit Documentation}",
  note   = "\\ \href{http://docs.nvidia.com/cuda}{http://docs.nvidia.com/cuda}",
}

@Misc{phong-wiki,
  key    = "web:phong-wiki",
  author = "{Přispěvatelé Wikipedie}",
  title =  "{Phongův osvětlovací model}",
  note   = "\\ \href{http://cs.wikipedia.org/wiki/Phong\%C5\%AFv\_osv\%C4\%9Btlovac\%C3\%AD\_model}{http://cs.wikipedia.org/wiki/Phong\%C5\%AFv\_osv\%C4\%9Btlovac\%C3\%AD\_model}",
}

@Misc{so-stack,
  key    = "web:phong-wiki",
  author = "{Přispěvatelé Stackoverflow.com}",
  title =  "{Rady ohledně rekurze v CUDA 4.0}",
  note   = "\\ \href{http://stackoverflow.com/questions/19013156/how-does-cuda-4-0-support-recursion}{http://stackoverflow.com/questions/19013156/how-does-cuda-4-0-support-recursion}",
}

@Misc{bvh,
  key    = "web:bvh",
  author = "{L. GRANT}",
  title =  "{Bounding Volume Hierarchies (BVH) – A brief tutorial on what they are and how to implement them}",
  note   = "\\ \href{http://www.3dmuve.com/3dmblog/?p=182}{http://www.3dmuve.com/3dmblog/?p=182}",
}

@Misc{cmemory,
  key    = "web:cmemory",
  author = "{N. GUPTA}",
  title =  "{What is constant memory in CUDA?}",
  note   = "\\ \href{http://cuda-programming.blogspot.cz/2013/01/what-is-constant-memory-in-cuda.html}{http://cuda-programming.blogspot.cz/2013/01/what-is-constant-memory-in-cuda.html}",
}

@Misc{trier,
  key    = "web:trier",
  author = "{COMPUTER GRAPHICS LAB, ALEXANDRA INSTITUTE}",
  title =  "{Triers CUDA ray tracing tutorial}",
  note   = "\\ \href{http://cg.alexandra.dk/2009/08/10/triers-cuda-ray-tracing-tutorial/}{http://cg.alexandra.dk/2009/08/10/triers-cuda-ray-tracing-tutorial/}",
}